<record><leader>00000cas a2200000 a 4500</leader><controlfield tag="001">11279925</controlfield><controlfield tag="008">841018d19351970azudn ne      0    0eng c</controlfield><datafield ind1=" " ind2=" " tag="010"><subfield code="a">sn 84027566 </subfield></datafield><datafield ind1=" " ind2=" " tag="040"><subfield code="a">NPU</subfield><subfield code="b">eng</subfield><subfield code="c">NPU</subfield><subfield code="d">DLC</subfield><subfield code="d">NSD</subfield><subfield code="d">ANN</subfield><subfield code="d">CRL</subfield><subfield code="d">OCLCQ</subfield><subfield code="d">OCLCF</subfield></datafield><datafield ind1="1" ind2=" " tag="029"><subfield code="a">AU@</subfield><subfield code="b">000020458986</subfield></datafield><datafield ind1=" " ind2=" " tag="042"><subfield code="a">pcc</subfield></datafield><datafield ind1=" " ind2=" " tag="043"><subfield code="a">n-us-az</subfield></datafield><datafield ind1="0" ind2="4" tag="245"><subfield code="a">The Yuma daily sun and the Yuma Arizona sentinel.</subfield></datafield><datafield ind1=" " ind2=" " tag="260"><subfield code="a">Yuma, Ariz. :</subfield><subfield code="b">Sun Print. Co.,</subfield><subfield code="c">1935-1970.</subfield></datafield><datafield ind1=" " ind2=" " tag="300"><subfield code="a">v. :</subfield><subfield code="b">ill. ;</subfield><subfield code="c">59 cm.</subfield></datafield><datafield ind1=" " ind2=" " tag="310"><subfield code="a">Daily (except Sun.)</subfield></datafield><datafield ind1="0" ind2=" " tag="362"><subfield code="a">Vol. 32, no. 286 (Dec. 2, 1935)-v. 66, no. 48 (Jan. 9, 1970).</subfield></datafield><datafield ind1=" " ind2=" " tag="580"><subfield code="a">Merger of: Yuma morning sun, and: Yuma Arizona sentinel.</subfield></datafield><datafield ind1=" " ind2="0" tag="651"><subfield code="a">Yuma (Ariz.)</subfield><subfield code="v">Newspapers.</subfield></datafield><datafield ind1=" " ind2="0" tag="651"><subfield code="a">Yuma County (Ariz.)</subfield><subfield code="v">Newspapers.</subfield></datafield><datafield ind1=" " ind2="7" tag="655"><subfield code="a">Newspapers.</subfield><subfield code="2">fast</subfield><subfield code="0">(OCoLC)fst01423814</subfield></datafield><datafield ind1=" " ind2="7" tag="651"><subfield code="a">Arizona</subfield><subfield code="z">Yuma.</subfield><subfield code="2">fast</subfield><subfield code="0">(OCoLC)fst01213905</subfield></datafield><datafield ind1=" " ind2="7" tag="651"><subfield code="a">Arizona</subfield><subfield code="z">Yuma County.</subfield><subfield code="2">fast</subfield><subfield code="0">(OCoLC)fst01214073</subfield></datafield><datafield ind1=" " ind2=" " tag="752"><subfield code="a">United States</subfield><subfield code="b">Arizona</subfield><subfield code="c">Yuma</subfield><subfield code="d">Yuma.</subfield></datafield><datafield ind1="1" ind2="4" tag="780"><subfield code="t">Yuma morning sun</subfield><subfield code="w">(DLC)sn 95060889</subfield><subfield code="w">(OCoLC)33816819</subfield></datafield><datafield ind1="1" ind2="4" tag="780"><subfield code="t">Yuma Arizona sentinel</subfield><subfield code="w">(DLC)sn 95060887</subfield><subfield code="w">(OCoLC)33816687</subfield></datafield><datafield ind1="0" ind2="0" tag="785"><subfield code="t">Yuma daily sun and Arizona sentinel</subfield><subfield code="x">0893-343X</subfield><subfield code="w">(DLC)sn 87062109</subfield><subfield code="w">(OCoLC)15337492</subfield></datafield></record>